@article{Dumusque2014SOAP,
	author={X. Dumusque and I. Boisse and N. C. Santos},
	title={SOAP 2.0: A Tool to Estimate the Photometric and Radial Velocity Variations Induced by Stellar Spots and Plages},
	journal={The Astrophysical Journal},
	volume={796},
	number={2},
	pages={132},
	url={http://stacks.iop.org/0004-637X/796/i=2/a=132},
	year={2014},
}


@ARTICLE{Donati1997,
	author = {{Donati}, J.-F. and {Semel}, M. and {Carter}, B.~D. and {Rees}, D.~E. and 
	{Collier Cameron}, A.},
	title = "{Spectropolarimetric observations of active stars}",
	journal = {mnras},
	keywords = {Stellar Spectra, Polarimetry, Stellar Atmospheres, Astronomical Spectroscopy, Late Stars},
	year = 1997,
	month = nov,
	volume = 291,
	pages = {658},
	doi = {10.1093/mnras/291.4.658},
	adsurl = {http://adsabs.harvard.edu/abs/1997MNRAS.291..658D},
	adsnote = {Provided by the SAO/NASA Astrophysics Data System}
}

@article{Kochukhov2010,
	author = {{Kochukhov, O.} and {Makaganiuk, V.} and {Piskunov, N.}},
	title = {Least-squares deconvolution of the stellar intensity   and polarization spectra},
	DOI= "10.1051/0004-6361/201015429",
	url= "https://doi.org/10.1051/0004-6361/201015429",
	journal = {A\&A},
	year = 2010,
	volume = 524,
	pages = "A5",
	month = "",
}